@article{arjovsky2017wasserstein,
  title={Wasserstein gan},
  author={Arjovsky, Martin and Chintala, Soumith and Bottou, L{\'e}on},
  journal={arXiv preprint arXiv:1701.07875},
  year={2017}
}

@inproceedings{gulrajani2017improved,
  title={Improved training of wasserstein gans},
  author={Gulrajani, Ishaan and Ahmed, Faruk and Arjovsky, Martin and Dumoulin, Vincent and Courville, Aaron C},
  booktitle={Advances in Neural Information Processing Systems},
  pages={5769--5779},
  year={2017}
}

@misc{WGANImplem,
  title = {An implementation of a WGAN using keras},
  howpublished = {\url{https://github.com/tdeboissiere/DeepLearningImplementations/tree/master/WassersteinGAN}},
  note = {Accessed: 2018-04-18}
}

@misc{GPWGANImplem,
  title = {An implementation of a GP-WGAN using keras},
  howpublished = {\url{https://github.com/keras-team/keras-contrib/blob/master/examples/improved_wgan.py}},
  note = {Accessed: 2018-04-30}
}


@inproceedings{goodfellow2014generative,
  title={Generative adversarial nets},
  author={Goodfellow, Ian and Pouget-Abadie, Jean and Mirza, Mehdi and Xu, Bing and Warde-Farley, David and Ozair, Sherjil and Courville, Aaron and Bengio, Yoshua},
  booktitle={Advances in neural information processing systems},
  pages={2672--2680},
  year={2014}
}

@book{villani2008optimal,
  title={Optimal transport: old and new},
  author={Villani, C{\'e}dric},
  volume={338},
  year={2008},
  publisher={Springer Science \& Business Media}
}

@article{tieleman2012lecture,
  title={Lecture 6.5-rmsprop: Divide the gradient by a running average of its recent magnitude},
  author={Tieleman, Tijmen and Hinton, Geoffrey},
  journal={COURSERA: Neural networks for machine learning},
  volume={4},
  number={2},
  pages={26--31},
  year={2012}
}

@article{arjovsky2017towards,
  title={Towards principled methods for training generative adversarial networks},
  author={Arjovsky, Martin and Bottou, L{\'e}on},
  journal={arXiv preprint arXiv:1701.04862},
  year={2017}
}
